<?xml version="1.0" encoding="UTF-8"?><collection xmlns="http://www.loc.gov/MARC21/slim"><record><leader>00619nam--2200193-i-4500</leader><controlfield tag="001">000011396</controlfield><controlfield tag="002">20161230</controlfield><controlfield tag="005">20161230201029</controlfield><controlfield tag="008">060222s1000------------r-----000-0-eng-d</controlfield><datafield ind1=" " ind2=" " tag="040"><subfield code="a">IFIN-HH</subfield></datafield><datafield ind1=" " ind2=" " tag="080"><subfield code="a">530.12(042):523(042)</subfield></datafield><datafield ind1="1" ind2=" " tag="100"><subfield code="a">Chretien, M</subfield></datafield><datafield ind1="1" ind2="0" tag="245"><subfield code="a">Astrophysics and general relativity</subfield><subfield code="c">M. chretien, s. deser, j. goldstein (eds.)</subfield></datafield><datafield ind1=" " ind2=" " tag="260"><subfield code="a">New York</subfield><subfield code="b">Gordon And Breach Science Publishers</subfield><subfield code="c">1969</subfield></datafield><datafield ind1=" " ind2=" " tag="300"><subfield code="a">X + 300 P</subfield></datafield><datafield ind1=" " ind2=" " tag="490"><subfield code="a">Brandeis University. Summer Institute In Theoretical Physics 1968</subfield><subfield code="v">Volume 1</subfield></datafield><datafield ind1="1" ind2=" " tag="700"><subfield code="a">Goldstein, J</subfield><subfield code="e">Ed</subfield></datafield><datafield ind1=" " ind2=" " tag="852"><subfield code="a">42341</subfield><subfield code="c">523</subfield></datafield><datafield ind1=" " ind2=" " tag="CAT"><subfield code="a">Sys</subfield><subfield code="c">20130829</subfield><subfield code="h">143851</subfield></datafield></record></collection>